@book{stria2016book,
    author = {Stria, Ida},
    year = {2016},
    month = {01},
    pages = {},
    title = {Inventing languages, inventing worlds. Towards a linguistic worldview for artificial languages},
    isbn = {978-83-947609-1-5},
    doi = {10.14746/9788394760915}
}

@inproceedings{bentz2023inproceedings,
    author = {Bentz, Christian},
    year = {2023},
    month = {01},
    pages = {27-37},
    title = {The Zipfian Challenge: Learning the statistical fingerprint of natural languages},
    doi = {10.18653/v1/2023.conll-1.3}
}

@article{comrie1996article,
    author = {Comrie, Bernard},
    year = {1996},
    month = {05},
    pages = {35-55},
    title = {Natural and Artificial International Languages: a Typosogist's Assessment},
    volume = {1},
    journal = {Journal of Universal Language},
    doi = {10.22425/jul.1996.1.1.35}
}

@inproceedings{goodkind2018inproceedings,
    author = {Goodkind, Adam and Bicknell, Klinton},
    year = {2018},
    month = {01},
    pages = {10-18},
    title = {Predictive power of word surprisal for reading times is a linear function of language model quality},
    doi = {10.18653/v1/W18-0102}
}

@article{smith2012article,
    author = {Smith, Reginald},
    year = {2012},
    month = {07},
    pages = {},
    title = {Distinct word length frequencies: distributions and symbol entropies}
}

@article{chen2016article,
    author = {Chen, Ricky},
    year = {2016},
    month = {12},
    pages = {},
    title = {A Brief Introduction on Shannon's Information Theory (updated version)}
}

@article{lindstedt2006article,
    author = {Lindstedt, Jouko},
    year = {2006},
    month = {01},
    pages = {},
    title = {Native Esperanto as a test case for natural language},
    journal = {Lindstedt , J 2006 , ' Native Esperanto as a test case for natural language ' , SKY Journal of Linguistics , vol 19 , pp. 47-55 .}
}

@article{parkvall2010article,
    author = {Parkvall, Mikael},
    year = {2010},
    month = {04},
    pages = {63-79},
    title = {How European is Esperanto? A typological study},
    volume = {34},
    journal = {Language Problems & Language Planning},
    doi = {10.1075/lplp.34.1.04par}
}

@book{garvia2015book,
    author = {Garvía, R.},
    year = {2015},
    month = {01},
    pages = {1-227},
    title = {Esperanto and its rivals: The struggle for an international language}
}

@article{goodall2022article,
    author = {Goodall, Grant},
    year = {2022},
    month = {09},
    pages = {},
    title = {Constructed Languages},
    volume = {9},
    journal = {Annual Review of Linguistics},
    doi = {10.1146/annurev-linguistics-030421-064707}
}

@article{punske2020article,
    author = {Punske, Jeffrey and Sanders, Nathan and Fountain, Amy and Okrent, Arika and Coon, Jessica and Adger, David and Urk, Coppe and Goodall, Grant and Pearson, Matt and Carpenter, Angela and Berry, James and Gillon, Carrie and Schreyer, Christine and Byrd, Brenna and Byrd, Andrew and Anderson, Skye and Wells-Jensen, Sheri and Spallinger, Kimberly and Peterson, David},
    year = {2020},
    month = {08},
    pages = {},
    title = {Language Invention in Linguistics Pedagogy},
    isbn = {9780198829874},
    doi = {10.1093/oso/9780198829874.001.0001}
}

@article{sanders2016article,
    author = {Sanders, Nathan},
    year = {2016},
    month = {09},
    pages = {e192-e204},
    title = {Constructed languages in the classroom},
    volume = {92},
    journal = {Language},
    doi = {10.1353/lan.2016.0055}
}

@incollection{douglas2015book,
    author = {Ball, Douglas},
    editor = {Jones, Rodney H},
    title = {Constructed languages},
    chapter = {8},
    booktitle = {The Routledge Handbook of Language and Creativity},
    publisher = {Routledge},
    year = {2015},
    doi = {10.4324/9781315694566.ch8},
}

@book{okrent2009book,
    title =     {In the Land of Invented Languages: Esperanto Rock Stars, Klingon Poets, Loglan Lovers, and the Mad Dreamers Who Tried to Build A Perfect Language  },
    author =    {Arika Okrent},
    publisher = {Spiegel & Grau},
    isbn =      {9780385529716},
    year =      {2009},
    series =    {},
    edition =   {},
    volume =    {},
    url =       {http://gen.lib.rus.ec/book/index.php?md5=ee299b99bb67b9eb3e925269337ea245}
}

@book{punske2020book,
    title =     {Language Invention in Linguistics Pedagogy},
    author =    {Jeffrey Punske (editor), Nathan Sanders (editor), Amy V. Fountain (editor)},
    publisher = {Oxford University Press},
    isbn =      {0198829876,9780198829874},
    year =      {2020},
    series =    {},
    edition =   {},
    volume =    {},
    url =       {http://gen.lib.rus.ec/book/index.php?md5=0B5CF2BFC00DCB569EBA10BD96AD68D4}
}

@article{ehret2023article,
author = {Ehret, Katharina and Berdicevskis, Aleksandrs and Bentz, Christian and Blumenthal-Dramé, Alice},
year = {2023},
month = {05},
pages = {},
title = {Measuring language complexity: challenges and opportunities},
journal = {Linguistics Vanguard},
doi = {10.1515/lingvan-2022-0133}
}

@article{gutierrez2023article,
author = {Gutierrez-vasques, Ximena and Bentz, Christian and Samardžić, Tanja},
year = {2023},
month = {07},
pages = {1-56},
title = {Languages Through the Looking Glass of BPE Compression},
journal = {Computational Linguistics},
doi = {10.1162/coli_a_00489}
}

@article{stria2015article,
author = {Stria, Ida},
year = {2015},
month = {01},
pages = {},
title = {Esperanto as a Natural Language},
volume = {10},
journal = {Język. Komunikacja. Informacja}
}

@article{Bentz2022article,
author = {Bentz, Christian and Gutierrez-vasques, Ximena and Sozinova, Olga and Samardžić, Tanja},
year = {2022},
month = {10},
pages = {},
title = {Complexity trade-offs and equi-complexity in natural languages: a meta-analysis},
volume = {9},
journal = {Linguistics Vanguard},
doi = {10.1515/lingvan-2021-0054}
}

@article{Petrini2023article,
author = {Petrini, Sonia and Casas-i-Muñoz, Antoni and Cluet-i-Martinell, Jordi and Wang, Mengxue and Bentz, Christian and Ferrer-i-Cancho, Ramon},
year = {2023},
month = {01},
pages = {58-87},
title = {Direct and indirect evidence of compression of word lengths. Zipf’s law of abbreviation revisited},
volume = {54},
journal = {Glottometrics},
doi = {10.53482/2023_54_407}
}

@article{Covington2010article,
author = {Covington, Michael and McFall, Joe},
year = {2010},
month = {05},
pages = {94-100},
title = {Cutting the Gordian knot: The moving-average type-token ratio (MATTR)},
volume = {17},
journal = {Journal of Quantitative Linguistics},
doi = {10.1080/09296171003643098}
}

@inproceedings{Reddy2011paper,
author = {Reddy, Sravana and Knight, Kevin},
year = {2011},
month = {06},
pages = {78-86},
title = {What we know about the Voynich manuscript}
}

@article{Evans2009article,
author = {Evans, Nicholas and Levinson, Stephen},
year = {2009},
month = {10},
pages = {429-48; discussion 448},
title = {The Myth of Language Universals: Language Diversity and Its Importance for Cognitive Science},
volume = {32},
journal = {The Behavioral and brain sciences},
doi = {10.1017/S0140525X0999094X}
}

@book{Zipf1949book,
author = {Zipf, and K., George},
year = {1949},
month = {01},
pages = {},
title = {Human behavior and the principle of least effort: An introduction to human ecology},
volume = {47},
journal = {Psychological Bulletin - PSYCHOL BULL},
doi = {10.1037/h0052442}
}

% Preprint Article
@unknown{Malik2023unknown,
author = {Malik-Moraleda, Saima and Taliaferro, Maya and Shannon, Steve and Jhingan, Niharika and Swords, Sara and Peterson, David and Frommer, Paul and Okrand, Marc and Sams, Jessie and Cardwell, Ramsey and Freeman, Cassie and Fedorenko, Evelina},
year = {2023},
month = {07},
pages = {},
title = {Constructed languages are processed by the same brain mechanisms as natural languages},
journal = {bioRxiv : the preprint server for biology},
doi = {10.1101/2023.07.28.550667}
}

