@book{stria2016book,
    author = {Stria, Ida},
    year = {2016},
    month = {01},
    pages = {},
    title = {Inventing languages, inventing worlds. Towards a linguistic worldview for artificial languages},
    isbn = {978-83-947609-1-5},
    doi = {10.14746/9788394760915}
}

@inproceedings{bentz2023inproceedings,
    author = {Bentz, Christian},
    year = {2023},
    month = {01},
    pages = {27-37},
    title = {The Zipfian Challenge: Learning the statistical fingerprint of natural languages},
    doi = {10.18653/v1/2023.conll-1.3}
}

@article{comrie1996article,
    author = {Comrie, Bernard},
    year = {1996},
    month = {05},
    pages = {35-55},
    title = {Natural and Artificial International Languages: a Typosogist's Assessment},
    volume = {1},
    journal = {Journal of Universal Language},
    doi = {10.22425/jul.1996.1.1.35}
}

@inproceedings{goodkind2018inproceedings,
    author = {Goodkind, Adam and Bicknell, Klinton},
    year = {2018},
    month = {01},
    pages = {10-18},
    title = {Predictive power of word surprisal for reading times is a linear function of language model quality},
    doi = {10.18653/v1/W18-0102}
}

@article{smith2012article,
    author = {Smith, Reginald},
    year = {2012},
    month = {07},
    pages = {},
    title = {Distinct word length frequencies: distributions and symbol entropies}
}

@article{chen2016article,
    author = {Chen, Ricky},
    year = {2016},
    month = {12},
    pages = {},
    title = {A Brief Introduction on Shannon's Information Theory (updated version)}
}

@article{lindstedt2006article,
    author = {Lindstedt, Jouko},
    year = {2006},
    month = {01},
    pages = {},
    title = {Native Esperanto as a test case for natural language},
    journal = {Lindstedt, J 2006, 'Native Esperanto as a test case for natural language', SKY Journal of Linguistics, vol 19, pp. 47-55.}
}

@article{parkvall2010article,
    author = {Parkvall, Mikael},
    year = {2010},
    month = {04},
    pages = {63-79},
    title = {How European is Esperanto? A typological study},
    volume = {34},
    journal = {Language Problems & Language Planning},
    doi = {10.1075/lplp.34.1.04par}
}

@book{garvia2015book,
    author = {Garvía, R.},
    year = {2015},
    month = {01},
    pages = {1-227},
    title = {Esperanto and its rivals: The struggle for an international language}
}

@article{goodall2022article,
    author = {Goodall, Grant},
    year = {2022},
    month = {09},
    pages = {},
    title = {Constructed Languages},
    volume = {9},
    journal = {Annual Review of Linguistics},
    doi = {10.1146/annurev-linguistics-030421-064707}
}

@article{punske2020article,
    author = {Punske, Jeffrey and Sanders, Nathan and Fountain, Amy and Okrent, Arika and Coon, Jessica and Adger, David and Urk, Coppe and Goodall, Grant and Pearson, Matt and Carpenter, Angela and Berry, James and Gillon, Carrie and Schreyer, Christine and Byrd, Brenna and Byrd, Andrew and Anderson, Skye and Wells-Jensen, Sheri and Spallinger, Kimberly and Peterson, David},
    year = {2020},
    month = {08},
    pages = {},
    title = {Language Invention in Linguistics Pedagogy},
    isbn = {9780198829874},
    doi = {10.1093/oso/9780198829874.001.0001}
}

@article{sanders2016article,
    author = {Sanders, Nathan},
    year = {2016},
    month = {09},
    pages = {e192-e204},
    title = {Constructed languages in the classroom},
    volume = {92},
    journal = {Language},
    doi = {10.1353/lan.2016.0055}
}

@incollection{douglas2015book,
    author = {Ball, Douglas},
    editor = {Jones, Rodney H},
    title = {Constructed languages},
    chapter = {8},
    booktitle = {The Routledge Handbook of Language and Creativity},
    publisher = {Routledge},
    year = {2015},
    doi = {10.4324/9781315694566.ch8},
}

@book{okrent2009book,
    title={In the Land of Invented Languages: Esperanto Rock Stars, Klingon Poets, Loglan Lovers, and the Mad Dreamers who Tried to Build a Perfect Language},
    author={Okrent, Arika},
    isbn={9780385527880},
    lccn={2008038732},
    url={https://books.google.de/books?id=E3UE9IoW27AC},
    year={2009},
    publisher={Spiegel \& Grau}
}

@book{punske2020book,
    title =     {Language Invention in Linguistics Pedagogy},
    author =    {Jeffrey Punske (editor), Nathan Sanders (editor), Amy V. Fountain (editor)},
    publisher = {Oxford University Press},
    isbn =      {0198829876,9780198829874},
    year =      {2020},
    series =    {},
    edition =   {},
    volume =    {},
    url =       {http://gen.lib.rus.ec/book/index.php?md5=0B5CF2BFC00DCB569EBA10BD96AD68D4}
}

@article{ehret2023article,
    author = {Ehret, Katharina and Berdicevskis, Aleksandrs and Bentz, Christian and Blumenthal-Dramé, Alice},
    year = {2023},
    month = {05},
    pages = {},
    title = {Measuring language complexity: challenges and opportunities},
    journal = {Linguistics Vanguard},
    doi = {10.1515/lingvan-2022-0133}
}

@inproceedings{Melamed1997inproceedings,
  title={Measuring Semantic Entropy},
  author={I. Dan Melamed},
  year={1997},
  url={https://api.semanticscholar.org/CorpusID:7165973}
}

@article{Lowder2018article,
author = {Lowder, Matthew W. and Choi, Wonil and Ferreira, Fernanda and Henderson, John M.},
title = {Lexical Predictability During Natural Reading: Effects of Surprisal and Entropy Reduction},
journal = {Cognitive Science},
volume = {42},
number = {S4},
pages = {1166-1183},
keywords = {Entropy reduction, Surprisal, Sentence processing, Eyetracking, Prediction},
doi = {https://doi.org/10.1111/cogs.12597},
url = {https://onlinelibrary.wiley.com/doi/abs/10.1111/cogs.12597},
eprint = {https://onlinelibrary.wiley.com/doi/pdf/10.1111/cogs.12597},
year = {2018}
}

@article{gutierrez2023article,
    author = {Gutierrez-vasques, Ximena and Bentz, Christian and Samardžić, Tanja},
    year = {2023},
    month = {07},
    pages = {1-56},
    title = {Languages Through the Looking Glass of BPE Compression},
    journal = {Computational Linguistics},
    doi = {10.1162/coli_a_00489}
}

@article{stria2015article,
    author = {Stria, Ida},
    year = {2015},
    month = {01},
    pages = {},
    title = {Esperanto as a Natural Language},
    volume = {10},
    journal = {Język. Komunikacja. Informacja}
}

@article{Bentz2022article,
    author = {Bentz, Christian and Gutierrez-vasques, Ximena and Sozinova, Olga and Samardžić, Tanja},
    year = {2022},
    month = {10},
    pages = {},
    title = {Complexity trade-offs and equi-complexity in natural languages: a meta-analysis},
    volume = {9},
    journal = {Linguistics Vanguard},
    doi = {10.1515/lingvan-2021-0054}
}

@article{Petrini2023article,
    author = {Petrini, Sonia and Casas-i-Muñoz, Antoni and Cluet-i-Martinell, Jordi and Wang, Mengxue and Bentz, Christian and Ferrer-i-Cancho, Ramon},
    year = {2023},
    month = {01},
    pages = {58-87},
    title = {Direct and indirect evidence of compression of word lengths. Zipf’s law of abbreviation revisited},
    volume = {54},
    journal = {Glottometrics},
    doi = {10.53482/2023_54_407}
}

@article{Covington2010article,
    author = {Covington, Michael and McFall, Joe},
    year = {2010},
    month = {05},
    pages = {94-100},
    title = {Cutting the Gordian knot: The moving-average type-token ratio (MATTR)},
    volume = {17},
    journal = {Journal of Quantitative Linguistics},
    doi = {10.1080/09296171003643098}
}

@inproceedings{Reddy2011paper,
    author = {Reddy, Sravana and Knight, Kevin},
    year = {2011},
    month = {06},
    pages = {78-86},
    title = {What we know about the Voynich manuscript}
}

@article{Evans2009article,
    author = {Evans, Nicholas and Levinson, Stephen},
    year = {2009},
    month = {10},
    pages = {429-48; discussion 448},
    title = {The Myth of Language Universals: Language Diversity and Its Importance for Cognitive Science},
    volume = {32},
    journal = {The Behavioral and brain sciences},
    doi = {10.1017/S0140525X0999094X}
}

@book{Zipf1949book,
    author = {Zipf, and K., George},
    year = {1949},
    month = {01},
    pages = {},
    title = {Human behavior and the principle of least effort: An introduction to human ecology},
    volume = {47},
    journal = {Psychological Bulletin - PSYCHOL BULL},
    doi = {10.1037/h0052442}
}

% WikiExtractor script
@misc{Attardi2015wikiextractor,
    author = {Attardi, Giuseppe},
    title = {WikiExtractor},
    year = {2015},
    publisher = {GitHub},
    journal = {GitHub repository},
    howpublished = {\url{https://github.com/attardi/wikiextractor}}
}

% Morfessor
@inproceedings{Smit2014inproceedings,
    author = {Smit, Peter and Virpioja, Sami and Grönroos, Stig-Arne and Kurimo, Mikko},
    year = {2014},
    month = {01},
    pages = {21-24},
    title = {Morfessor 2.0: Toolkit for statistical morphological segmentation},
    doi = {10.3115/v1/E14-2006}
}

@article{Gao2008article,
    author = {Yun, Gao and Kontoyiannis, Ioannis and Elie, Bienenstock},
    year = {2008},
    month = {06},
    pages = {},
    title = {Estimating the Entropy of Binary Time Series: Methodology, Some Theory and a Simulation Study},
    volume = {10},
    journal = {Entropy: International and Interdisciplinary Journal of Entropy and Information Studies},
    doi = {10.3390/entropy-e10020071}
}

@book{Shannon1948book,
    author = {Shannon, C. E.},
    year = {1949},
    pages = {379–423},
    title = {A Mathematical Theory of Communication},
    volume = {27},
    journal = {Bell System Technical Journal},
}

@article{Shannon1951book,
    author = {Shannon, C. E.},
    title = {Prediction and Entropy of Printed English},
    journal = {Bell System Technical Journal},
    volume = {30},
    number = {1},
    pages = {50-64},
    doi = {https://doi.org/10.1002/j.1538-7305.1951.tb01366.x},
    url = {https://onlinelibrary.wiley.com/doi/abs/10.1002/j.1538-7305.1951.tb01366.x},
    eprint = {https://onlinelibrary.wiley.com/doi/pdf/10.1002/j.1538-7305.1951.tb01366.x},
    year = {1951}
}



@inbook{Oostendorp2019book,
    url = {https://doi.org/10.1515/9783110435351-011},
    title = {11. Language contact and constructed languages},
    booktitle = {Volume 1},
    author = {Marc van Oostendorp},
    editor = {Jeroen Darquennes and Joseph C. Salmons and Wim Vandenbussche},
    publisher = {De Gruyter Mouton},
    address = {Berlin, Boston},
    pages = {124--135},
    doi = {doi:10.1515/9783110435351-011},
    isbn = {9783110435351},
    year = {2019},
    lastchecked = {2024-08-13}
}

@inbook{Blanke1989book,
    url = {https://doi.org/10.1515/9783110886115.63},
    title = {Planned languages – a survey of some of the main problems},
    booktitle = {Interlinguistics},
    booktitle = {Aspects of the Science of Planned Languages},
    author = {DETLEV BLANKE},
    editor = {Klaus Schubert},
    publisher = {De Gruyter Mouton},
    address = {Berlin, New York},
    pages = {63--88},
    doi = {doi:10.1515/9783110886115.63},
    isbn = {9783110886115},
    year = {1989},
    lastchecked = {2024-08-13}
}

@article{Piandadosi2014article,
author = {Piantadosi, Steven},
year = {2014},
month = {03},
pages = {},
title = {Zipf's word frequency law in natural language: A critical review and future directions},
volume = {21},
journal = {Psychonomic bulletin & review},
doi = {10.3758/s13423-014-0585-6}
}

% Specifically, van Oostendorp's article from this anthology/collection (page 203). How to cite?
@book{Schubert2001book,
    author = {Schubert, Klaus and Smet, W. and Tonkin, Humphrey and Blanke, Detlev and Goninaz, Michel and Koutny, Ilona and Liu, Haitao and Corsetti, Renato and Torre, Mauro and Oostendorp, Marc},
    year = {2001},
    month = {01},
    pages = {},
    title = {Planned Languages: From Concept to Reality}
}

@inbook{Greenberg1970book,
    url = {https://doi.org/10.1515/9783110814644-003},
    title = {Language Universals},
    booktitle = {Theoretical Foundations},
    author = {Joseph H. Greenberg},
    editor = {},
    publisher = {De Gruyter Mouton},
    address = {Berlin, Boston},
    pages = {61--112},
    doi = {doi:10.1515/9783110814644-003},
    isbn = {9783110814644},
    year = {1970},
    lastchecked = {2024-08-18}
}

% Preprint article
@article{Malik2023article,
    author = {Malik-Moraleda, Saima and Taliaferro, Maya and Shannon, Steve and Jhingan, Niharika and Swords, Sara and Peterson, David and Frommer, Paul and Okrand, Marc and Sams, Jessie and Cardwell, Ramsey and Freeman, Cassie and Fedorenko, Evelina},
    year = {2023},
    month = {07},
    pages = {},
    title = {Constructed languages are processed by the same brain mechanisms as natural languages},
    journal = {bioRxiv : the preprint server for biology},
    doi = {10.1101/2023.07.28.550667}
}

@article{Perreault2012article,
    author = {Perreault, Charles and Mathew, Sarah},
    year = {2012},
    month = {04},
    pages = {e35289},
    title = {Dating the Origin of Language Using Phonemic Diversity},
    volume = {7},
    journal = {PloS one},
    doi = {10.1371/journal.pone.0035289}
}

@article{Dediu2013article,
    author = {Dediu, Dan and Levinson, Stephen},
    year = {2013},
    month = {07},
    pages = {397},
    title = {On the antiquity of language: the reinterpretation of Neandertal linguistic capacities and its consequences},
    volume = {4},
    journal = {Frontiers in psychology},
    doi = {10.3389/fpsyg.2013.00397}
}

@article{Barham2021article,
    author = {Barham, Lawrence and Everett, Daniel},
    year = {2021},
    month = {06},
    pages = {},
    title = {Semiotics and the Origin of Language in the Lower Palaeolithic},
    volume = {28},
    journal = {Journal of Archaeological Method and Theory},
    doi = {10.1007/s10816-020-09480-9}
}

@article{Senghas2004article,
    author = {Senghas, Ann and Kita, Sotaro and Özyürek, Asli},
    year = {2004},
    month = {10},
    pages = {1779-82},
    title = {Children Creating Core Properties of Language: Evidence from an Emerging Sign Language in Nicaragua},
    volume = {305},
    journal = {Science (New York, N.Y.)},
    doi = {10.1126/science.1100199}
}

@article{Gibson2019article,
    author = {Gibson, Edward and Futrell, Richard and Piandadosi, Steven and Dautriche, Isabelle and Mahowald, Kyle and Bergen, Leon and Levy, Roger},
    year = {2019},
    month = {04},
    pages = {},
    title = {How Efficiency Shapes Human Language},
    volume = {23},
    journal = {Trends in Cognitive Sciences},
    doi = {10.1016/j.tics.2019.02.003}
}

@book{Mairal2006book,
    author = {Mairal, Ricardo and Gil, Juana},
    year = {2006},
    month = {01},
    pages = {},
    title = {Linguistic Universals},
    isbn = {9780521837095},
    doi = {10.1017/CBO9780511618215}
}

@article{Novikov2022article,
    author = {Novikov, Philipp},
    year = {2022},
    month = {07},
    pages = {455-467},
    title = {Constructed Languages as Semantic and Semiotic Systems},
    volume = {13},
    journal = {RUDN Journal of Language Studies, Semiotics and Semantics},
    doi = {10.22363/2313-2299-2022-13-2-455-467}
}

@article{Merlo_Bettega_Corino_2023, 
    title={Conlangs as a Goal, Conlangs as a Mean. How to Do Linguistics Inventing Languages}, 
    volume={9}, url={https://ojs.unito.it/index.php/ricognizioni/article/view/7871}, 
    DOI={10.13135/2384-8987/7871}, 
    number={18}, 
    journal={RiCOGNIZIONI. Rivista di Lingue e Letterature straniere e Culture moderne}, 
    author={Merlo, Roberto and Bettega, Simone and Corino, Elisa}, 
    year={2023}, 
    month={Jun.}, 
    pages={9-27} 
}

@article{Gobbo2016article,
    author = {Gobbo, Federico},
    year = {2016},
    month = {10},
    pages = {},
    title = {Are planned languages less complex than natural languages?},
    volume = {60},
    journal = {Language Sciences},
    doi = {10.1016/j.langsci.2016.10.003}
}

@article{Gobbo2011article,
    author = {Gobbo, Federico},
    year = {2011},
    month = {09},
    pages = {34},
    title = {The Case of Correlatives: A Comparison between Natural and Planned Languages},
    volume = {12},
    journal = {Journal of Universal Language},
    doi = {10.22425/jul.2011.12.2.45}
}

@inbook{Schubert1989inbook,
    author = {Schubert, Klaus},
    year = {1989},
    month = {01},
    pages = {7-44},
    title = {Interlinguistics – Its Aims, Its Achievements, and Its Place in Language Science},
    isbn = {9783110886115},
    journal = {Interlinguistics: Aspects of the Science of Planned Languages},
    doi = {10.1515/9783110886115.7}
}

@inproceedings{white2021article,
    title = "Examining the Inductive Bias of Neural Language Models with Artificial Languages",
    author = "White, Jennifer C. and Cotterell, Ryan",
    editor = "Zong, Chengqing and Xia, Fei and Li, Wenjie and Navigli, Roberto",
    booktitle = "Proceedings of the 59th Annual Meeting of the Association for Computational Linguistics and the 11th International Joint Conference on Natural Language Processing (Volume 1: Long Papers)",
    month = aug,
    year = "2021",
    address = "Online",
    publisher = "Association for Computational Linguistics",
    url = "https://aclanthology.org/2021.acl-long.38",
    doi = "10.18653/v1/2021.acl-long.38",
    pages = "454--463",
}

@article{Tonkin2015article,
    author = {Tonkin, Humphrey},
    year = {2015},
    month = {04},
    pages = {193-199},
    title = {Language Planning and Planned Languages: How Can Planned Languages Inform Language Planning?},
    volume = {13},
    journal = {Interdisciplinary Description of Complex Systems},
    doi = {10.7906/indecs.13.2.1}
}

@article{Gobbo2008article,
    author = {Gobbo, Federico},
    year = {2008},
    month = {01},
    pages = {},
    title = {Planned languages and language planning: The contribution of interlinguistics to cross-cultural communication},
    volume = {2},
    journal = {Multilingualism and Applied Comparative Linguistics}
}

@book{Large1985book,
    title={The Artificial Language Movement},
    author={Large, J.A.},
    isbn={9780631144977},
    lccn={lc85006206},
    series={Language library},
    url={https://books.google.de/books?id=xaeCQgAACAAJ},
    year={1985},
    publisher={B. Blackwell}
}

@book{Losey2019book,
    author = {Losey-León, María-Araceli and Corpas Pastor, Gloria and Mitkov, Ruslan and Kunilovskaya, Maria},
    year = {2019},
    month = {09},
    pages = {},
    title = {Computational and Corpus-Based Phraseology. Third International Conference, Europhras 2019 E-Proceedings for short papers, posters, and MUMTTT workshop, held in the University of Malaga, Spain (September 25–27, 2019), edited by Gloria Corpas Pastor, Ruslan Mitkov, Maria Kunilovskaya and María-Araceli Losey-Léon. ISBN 978-2-9701095-6-3},
    isbn = {ISBN 978-2-9701095-6-3}
}

@inproceedings{Gobbo2019article,
    author = {Gobbo, Federico},
    year = {2019},
    month = {01},
    pages = {},
    title = {Constructive Linguistics for Computational Phraseology: the Esperanto Case},
    doi = {10.26615/978-2-9701095-6-3_010}
}

@article{Culbertson2012article,
author = {Culbertson, Jennifer},
year = {2012},
month = {05},
pages = {},
title = {Typological Universals as Reflections of Biased Learning: Evidence from Artificial Language Learning},
volume = {6},
journal = {Language and Linguistics Compass},
doi = {10.1002/lnc3.338}
}

@inbook{Libert2016inbook,
author = {Libert, Alan},
year = {2016},
month = {01},
pages = {375-389},
title = {On Pragmemes in Artificial Languages},
isbn = {978-3-319-43490-2},
journal = {Perspectives in Pragmatics, Philosophy and Psychology},
doi = {10.1007/978-3-319-43491-9_20}
}

@article{Christiansen2000article,
author = {Christiansen, Morten},
year = {2000},
month = {01},
pages = {},
title = {Using artificial language learning to study language evolution: Exploring the emergence of word order universals}
}

@article{Sasidharan2024article,
author = {Sasidharan, Renjith and Manazhy, Rashmi},
year = {2024},
month = {02},
pages = {1-51},
title = {Sign language : a systematic review on classification and recognition},
journal = {Multimedia Tools and Applications},
doi = {10.1007/s11042-024-18583-4}
}

@article{Juola2017article,
author = {Juola, Patrick},
year = {2017},
month = {09},
pages = {},
title = {Authorship attribution, constructed languages, and the psycholinguistics of individual variation},
volume = {33},
journal = {Digital Scholarship in the Humanities},
doi = {10.1093/llc/fqx045}
}

@inproceedings{Rouhe2022inproceedings,
author = {Rouhe, Aku and Grönroos, Stig-Arne and Virpioja, Sami and Creutz, Mathias and Kurimo, Mikko},
year = {2022},
month = {01},
pages = {144-151},
title = {Morfessor-enriched features and multilingual training for canonical morphological segmentation},
doi = {10.18653/v1/2022.sigmorphon-1.16}
}

@article{Creutz2005article,
author = {Creutz, Mathias and Lagus, Krista and Lagus@hut, Krista and Fi,},
year = {2005},
month = {01},
pages = {},
title = {Unsupervised morpheme segmentation and morphology induction from text corpora using Morfessor 1.0}
}

@article{Creutz2005article2,
author = {Creutz, Mathias and Lagus, Krista and Lindén, Krister and Virpioja, Sami},
year = {2005},
month = {01},
pages = {},
title = {Morfessor and hutmegs: Unsupervised morpheme segmentation for highly-inflecting and compounding languages}
}

@inproceedings{Mzamo2019inproceedings,
author = {Mzamo, Lulamile and Helberg, Albert and Bosch, Sonja},
year = {2019},
month = {01},
pages = {},
title = {Towards an unsupervised morphological segmenter for isiXhosa},
doi = {10.1109/RoboMech.2019.8704816}
}

@article{Gronroos2020article,
author = {Grönroos, Stig-Arne and Virpioja, Sami and Kurimo, Mikko},
year = {2020},
month = {03},
pages = {},
title = {Morfessor EM+Prune: Improved Subword Segmentation with Expectation Maximization and Pruning}
}

@article{Febres2014article,
author = {Febres, Gerardo and Jaffe, Klaus and Gershenson, Carlos},
year = {2014},
month = {03},
pages = {},
title = {Complexity measurement of natural and artificial languages},
volume = {20},
journal = {Complexity},
doi = {10.1002/cplx.21529}
}

@article{Gomez2017article,
author = {Hernández Gómez, Candelario and Basurto-Flores, Rogelio and Obregon, Bibiana and Guzmán-Vargas, Lev},
year = {2017},
month = {09},
pages = {521},
title = {Evaluating the Irregularity of Natural Languages},
volume = {19},
journal = {Entropy},
doi = {10.3390/e19100521}
}

@article{Bentz2016article,
author = {Bentz, Christian and Alikaniotis, Dimitrios},
year = {2016},
month = {06},
pages = {},
title = {The word entropy of natural languages}
}

@article{Levitin1994article,
author = {Levitin, Lev and Reingold, Zeev},
year = {1994},
month = {05},
pages = {709-743},
title = {Entropy of natural languages: Theory and experiment},
volume = {4},
journal = {Chaos Solitons & Fractals - CHAOS SOLITON FRACTAL},
doi = {10.1016/0960-0779(94)90079-5}
}

@article{Park2021article,
author = {Park, Hyunji and Zhang, Katherine and Haley, Coleman and Steimel, Kenneth and Liu, Han and Schwartz, Lane},
year = {2021},
month = {03},
pages = {261-276},
title = {Morphology Matters: A Multilingual Language Modeling Analysis},
volume = {9},
journal = {Transactions of the Association for Computational Linguistics},
doi = {10.1162/tacl_a_00365}
}

@article{Kettunen2014article,
author = {Kettunen, Kimmo},
year = {2014},
month = {06},
pages = {223-245},
title = {Can Type-Token Ratio be Used to Show Morphological Complexity of Languages?},
volume = {21},
journal = {Journal of Quantitative Linguistics},
doi = {10.1080/09296174.2014.911506}
}

@article{Coltekin2022article,
author = {Çöltekin, Çağrı and Rama, Taraka},
year = {2022},
month = {09},
pages = {},
title = {What do complexity measures measure? Correlating and validating corpus-based measures of morphological complexity},
volume = {9},
journal = {Linguistics Vanguard},
doi = {10.1515/lingvan-2021-0007}
}

@article{Berg2022article,
author = {Berg, Thomas and Zörnig, Peter and Lehr, Charlotte},
year = {2022},
month = {11},
pages = {},
title = {The effects of type and token frequency on word length: a cross-linguistic study},
volume = {13},
journal = {Glottotheory},
doi = {10.1515/glot-2022-2007}
}

@article{Levshina2019article,
author = {Levshina, Natalia},
year = {2019},
month = {11},
pages = {533-572},
title = {Token-based typology and word order entropy: A study based on Universal Dependencies},
volume = {23},
journal = {Linguistic Typology},
doi = {10.1515/lingty-2019-0025}
}

@article{Schnell2022article,
author = {Schnell, Stefan and Schiborr, Nils},
year = {2022},
month = {01},
pages = {171-191},
title = {Crosslinguistic Corpus Studies in Linguistic Typology},
volume = {8},
journal = {Annual Review of Linguistics},
doi = {10.1146/annurev-linguistics-031120-104629}
}

@article{Liu2022article,
author = {Liu, Zoey and Prud’hommeaux, Emily},
year = {2022},
month = {04},
pages = {393-413},
title = {Data-driven Model Generalizability in Crosslinguistic Low-resource Morphological Segmentation},
volume = {10},
journal = {Transactions of the Association for Computational Linguistics},
doi = {10.1162/tacl_a_00467}
}

@inbook{Gobbo2019inbook,
author = {Gobbo, Federico},
year = {2019},
month = {01},
pages = {},
title = {Tolkien and language planning: imagined words for an imaginary world}
}

@article{Schreyer2021article,
author = {Schreyer, Christine and Adger, David},
year = {2021},
month = {03},
pages = {},
title = {Comparing prehistoric constructed languages: World-building and its role in understanding prehistoric languages},
volume = {376},
journal = {Philosophical Transactions of the Royal Society B: Biological Sciences},
doi = {10.1098/rstb.2020.0201}
}

@article{Fians2022article,
author = {Fians, Guilherme},
year = {2022},
month = {12},
pages = {43-52},
title = {Bringing constructed languages back to the debate: The contributions of interlinguistics to general linguistics},
volume = {46},
journal = {Investigationes Linguisticae},
doi = {10.14746/il.2022.46.5}
}

@book{Christiansen2009book,
  title={Language Universals},
  author={Christiansen, M.H. and Collins, C. and Edelman, S.},
  isbn={9780190294113},
  url={https://books.google.de/books?id=bCLiBwAAQBAJ},
  year={2009},
  publisher={Oxford University Press}
}

@article{Adelman2014article,
  title={Constructed Languages and Copyright: A Brief History and Proposal for Divorce},
  author={Michael J. Adelman},
  journal={Harvard Journal of Law \& Technology},
  year={2014},
  volume={27},
  pages={543},
  url={https://api.semanticscholar.org/CorpusID:58553165}
}

@inproceedings{Wilkins1968book,
  title={An essay towards a real character, and a philosophical language, 1668},
  author={John S. Wilkins},
  year={1968},
  url={https://api.semanticscholar.org/CorpusID:161991811}
}

@article{De2016article,
author = {De Clercq, Bastien and Housen, Alex},
year = {2016},
month = {11},
pages = {},
title = {The development of morphological complexity: A cross-linguistic study of L2 French and English},
volume = {35},
journal = {Second Language Research},
doi = {10.1177/0267658316674506}
}

@book{Bausani1974book,
  title={Le lingue inventate: Linguaggi artificiali, linguaggi segreti, linguaggi universali},
  author={Bausani, A.},
  isbn={9788834003879},
  lccn={74318340},
  series={Collana di studi umanistici 'Ulisse'},
  url={https://books.google.de/books?id=z4GAngEACAAJ},
  year={1974},
  publisher={Ubaldini}
}

@article{Sembiring2024article,
author = {Sembiring, Muhammad and Saputra, Herman and Yusda, Riki and Nababan, Erna},
year = {2024},
month = {08},
pages = {208-215},
title = {Performance of Robust Support Vector Machine Classification Model on Balanced, Imbalanced, and Outliers Datasets},
volume = {10},
journal = {JITK (Jurnal Ilmu Pengetahuan dan Teknologi Komputer)},
doi = {10.33480/jitk.v10i1.5272}
}

@inproceedings{Xu2020inproceedings,
    title = "Modeling Morphological Typology for Unsupervised Learning of Language Morphology",
    author = "Xu, Hongzhi  and
      Kodner, Jordan  and
      Marcus, Mitchell  and
      Yang, Charles",
    editor = "Jurafsky, Dan  and
      Chai, Joyce  and
      Schluter, Natalie  and
      Tetreault, Joel",
    booktitle = "Proceedings of the 58th Annual Meeting of the Association for Computational Linguistics",
    month = jul,
    year = "2020",
    address = "Online",
    publisher = "Association for Computational Linguistics",
    url = "https://aclanthology.org/2020.acl-main.596",
    doi = "10.18653/v1/2020.acl-main.596",
    pages = "6672--6681",
}

@book{Karlsson1998book,
  title={Yleinen kielitiede},
  author={Karlsson, Fred},
  year={1998},
  publisher={Yliopistopaino/Helsinki University Press}
}

@article{Moskovsky2006article,
  title={Questions in Natural and Artificial Languages},
  author={Christo Moskovsky and Alan Reed Libert},
  journal={Journal of Universal Language},
  year={2006},
  volume={7},
  pages={65-120},
  url={https://api.semanticscholar.org/CorpusID:60289604}
}

@inbook{Pawlas2020inbook,
    author = {Pawlas, Elżbieta and Paradowski, Michał B.},
    year = {2020},
    month = {01},
    pages = {101–122},
    title = {Misunderstandings in communicating in English as a lingua franca: Causes, prevention, and remediation strategies},
    isbn = {978-83-66666-28-3},
    doi = {10.48226/978-83-66666-28-3}
}

@article{Sokolova2024article,
    author={Sokolova, Irina and Makarov, Ilya},
    journal={IEEE Access}, 
    title={From Esperanto to Volapük: A Graph-Based Approach to Assessing the Complexity of Constructed Languages}, 
    year={2024},
    volume={},
    number={},
    pages={1-1},
    doi={10.1109/ACCESS.2024.3450685}
}

@article{Olkopf2000article,
author = {Olkopf, Bernhard and Williamson, Robert and Smola, Alex and Shawe-Taylor, John and Platt, John},
year = {2000},
month = {04},
pages = {},
title = {Support Vector Method for Novelty Detection},
volume = {12},
journal = {Advances in neural information processing systems}
}

@book{Chomsky1957book,
url = {https://doi.org/10.1515/9783112316009},
title = {Syntactic Structures},
author = {Noam Chomsky},
publisher = {De Gruyter Mouton},
address = {Berlin, Boston},
doi = {doi:10.1515/9783112316009},
isbn = {9783112316009},
year = {1957},
lastchecked = {2024-09-11}
}

@book{Cook2007book,
  title={Chomsky's Universal Grammar: An Introduction},
  author={Cook, V.J. and Newson, M.},
  isbn={9781405111874},
  lccn={2006036117},
  url={https://books.google.de/books?id=mguunu3sI-YC},
  year={2007},
  publisher={Wiley}
}

@article{Shi2020article,
author = {Shi, Yaqian and Lei, Lei},
year = {2020},
month = {06},
pages = {1-18},
title = {Lexical Richness and Text Length: An Entropy-based Perspective},
volume = {29},
journal = {Journal of Quantitative Linguistics},
doi = {10.1080/09296174.2020.1766346}
}

@article{Sun2021article,
AUTHOR = {Sun, Kun and Wang, Rong},
TITLE = {Using the Relative Entropy of Linguistic Complexity to Assess L2 Language Proficiency Development},
JOURNAL = {Entropy},
VOLUME = {23},
YEAR = {2021},
NUMBER = {8},
ARTICLE-NUMBER = {1080},
URL = {https://www.mdpi.com/1099-4300/23/8/1080},
PubMedID = {34441222},
ISSN = {1099-4300},
DOI = {10.3390/e23081080}
}

@article{Gezmu2023article,
author = {Gezmu, Andargachew Mekonnen and Nürnberger, Andreas},
year = {2023},
month = {07},
pages = {},
title = {Morpheme-Based Neural Machine Translation Models for Low-Resource Fusion Languages},
volume = {22},
journal = {ACM Transactions on Asian and Low-Resource Language Information Processing},
doi = {10.1145/3610773}
}

@inproceedings{Virpioja2013inproceedings,
  title={Morfessor 2.0: Python Implementation and Extensions for Morfessor Baseline},
  author={Sami Virpioja and Peter Smit and Stig-Arne Gr{\"o}nroos and Mikko Kurimo},
  year={2013},
  url={https://api.semanticscholar.org/CorpusID:36074039}
}

% Kotava dictionary
@book{Fetcey2013book,
    title={Kotava: grammaire officielle complète (version III.14)},
    author={Fetcey, S. and le Comité Linguistique Kotava},
    url={ttp://www.kotava.org/fr/fr_pulviropa_000.pdf},
    year={2013},
}

@inproceedings{Bick2016inproceedings,
    title = "A Morphological Lexicon of {E}speranto with Morpheme Frequencies",
    author = "Bick, Eckhard",
    editor = "Calzolari, Nicoletta  and
      Choukri, Khalid  and
      Declerck, Thierry  and
      Goggi, Sara  and
      Grobelnik, Marko  and
      Maegaard, Bente  and
      Mariani, Joseph  and
      Mazo, Helene  and
      Moreno, Asuncion  and
      Odijk, Jan  and
      Piperidis, Stelios",
    booktitle = "Proceedings of the Tenth International Conference on Language Resources and Evaluation ({LREC}'16)",
    month = may,
    year = "2016",
    address = "Portoro{\v{z}}, Slovenia",
    publisher = "European Language Resources Association (ELRA)",
    url = "https://aclanthology.org/L16-1171",
    pages = "1075--1078",
}

@article{Salman2024article,
author = {Salman, Ahmed and Al-Jawher, Waleed},
year = {2024},
month = {09},
pages = {300-311},
title = {Performance Comparison of Support Vector Machines, AdaBoost, and Random Forest for Sentiment Text Analysis and Classification},
volume = {7},
journal = {Journal Port Science Research},
doi = {10.36371/port.2024.3.8}
}

@inbook{Dhandapani2023inbook,
author = {Dhandapani, Aarthi and Nagappan, Ilakiyaselvan and Mandal, Satyaki and Bhadra, Sandipta and Viswanathan, V.},
year = {2023},
month = {06},
pages = {371-388},
title = {Lyrics Generation Using LSTM and RNN},
isbn = {978-981-99-1050-2},
doi = {10.1007/978-981-99-1051-9_24}
}

@article{Oktafiani2024article,
author = {Oktafiani, Rian and Hermawan, Arief and Avianto, Donny},
year = {2024},
month = {02},
pages = {160-168},
title = {Max Depth Impact on Heart Disease Classification: Decision Tree and Random Forest},
volume = {8},
journal = {Jurnal RESTI (Rekayasa Sistem dan Teknologi Informasi)},
doi = {10.29207/resti.v8i1.5574}
}

@article{Jiang2024article,
author = {Jiang, Xinyi},
year = {2024},
month = {03},
pages = {184-192},
title = {Decision tree based prediction system for word difficulty classification},
volume = {54},
journal = {Applied and Computational Engineering},
doi = {10.54254/2755-2721/54/20241498}
}

@article{George2012article,
  title={Anomaly Detection based on Machine Learning Dimensionality Reduction using PCA and Classification using SVM},
  author={George, Annie},
  journal={International Journal of Computer Applications},
  year={2012},
  volume={47},
  pages={5-8},
  url={https://api.semanticscholar.org/CorpusID:5743231}
}

@article{Fergadiotis2013article,
author = {Fergadiotis, Gerasimos and Wright, Heather and West, Thomas},
year = {2013},
month = {05},
pages = {S397-408},
title = {Measuring Lexical Diversity in Narrative Discourse of People With Aphasia},
volume = {22},
journal = {American journal of speech-language pathology / American Speech-Language-Hearing Association},
doi = {10.1044/1058-0360(2013/12-0083)}
}

@article{Bestgen2024article,
author = {Bestgen, Yves},
title = {Measuring Lexical Diversity in Texts: The Twofold Length Problem},
journal = {Language Learning},
volume = {74},
number = {3},
pages = {638-671},
keywords = {lexical diversity, text length, evaluation methods, logical-mathematical properties, intraclass correlation coefficient},
doi = {https://doi.org/10.1111/lang.12630},
url = {https://onlinelibrary.wiley.com/doi/abs/10.1111/lang.12630},
eprint = {https://onlinelibrary.wiley.com/doi/pdf/10.1111/lang.12630},
year = {2024}
}

@phdthesis{McCarthy2005phdthesis,
  title={An assessment of the range and usefulness of lexical diversity measures and the potential of the measure of textual, lexical diversity (MTLD)},
  author={McCarthy, Philip M},
  year={2005},
  school={The University of Memphis}
}

@article{McCarthy2010article,
author = {McCarthy, Philip and Jarvis, Scott},
year = {2010},
month = {05},
pages = {381-92},
title = {MTLD, vocd-D, and HD-D: A validation study of sophisticated approaches to lexical diversity assessment},
volume = {42},
journal = {Behavior research methods},
doi = {10.3758/BRM.42.2.381}
}

@article{Treffers2016article,
    author = {Treffers-Daller, Jeanine and Parslow, Patrick and Williams, Shirley},
    title = "{Back to Basics: How Measures of Lexical Diversity Can Help Discriminate between CEFR Levels}",
    journal = {Applied Linguistics},
    volume = {39},
    number = {3},
    pages = {302-327},
    year = {2016},
    month = {04},
    issn = {0142-6001},
    doi = {10.1093/applin/amw009},
    url = {https://doi.org/10.1093/applin/amw009},
    eprint = {https://academic.oup.com/applij/article-pdf/39/3/302/25011711/amw009.pdf},
}

@article{Braei2020article,
  author       = {Braei, Mohammad and Wagner, Sebastian},
  title        = {Anomaly Detection in Univariate Time-series: {A} Survey on the State-of-the-Art},
  journal      = {CoRR},
  volume       = {abs/2004.00433},
  year         = {2020},
  url          = {https://arxiv.org/abs/2004.00433},
  eprinttype    = {arXiv},
  eprint       = {2004.00433},
  timestamp    = {Wed, 08 Apr 2020 17:08:25 +0200},
  biburl       = {https://dblp.org/rec/journals/corr/abs-2004-00433.bib},
  bibsource    = {dblp computer science bibliography, https://dblp.org}
}

@article{Xu2023article,
   title={Deep Isolation Forest for Anomaly Detection},
   volume={35},
   ISSN={2326-3865},
   url={http://dx.doi.org/10.1109/TKDE.2023.3270293},
   DOI={10.1109/tkde.2023.3270293},
   number={12},
   journal={IEEE Transactions on Knowledge and Data Engineering},
   publisher={Institute of Electrical and Electronics Engineers (IEEE)},
   author={Xu, Hongzuo and Pang, Guansong and Wang, Yijie and Wang, Yongjun},
   year={2023},
   month=dec, pages={12591–12604} 
}

@inproceedings{Liu2009inproceedings,
    author = {Liu, Fei Tony and Ting, Kai and Zhou, Zhi-Hua},
    year = {2009},
    month = {01},
    pages = {413 - 422},
    title = {Isolation Forest},
    doi = {10.1109/ICDM.2008.17}
}

@misc{Rosenhahn2024article,
      title={Quantum Normalizing Flows for Anomaly Detection}, 
      author={Rosenhahn, Bodo and Hirche, Christoph},
      year={2024},
      eprint={2402.02866},
      archivePrefix={arXiv},
      primaryClass={quant-ph},
      url={https://arxiv.org/abs/2402.02866}, 
}

@misc{Irofti2024article,
      title={Fusing Dictionary Learning and Support Vector Machines for Unsupervised Anomaly Detection}, 
      author={Paul Irofti and Iulian-Andrei Hîji and Andrei Pătraşcu and Nicolae Cleju},
      year={2024},
      eprint={2404.04064},
      archivePrefix={arXiv},
      primaryClass={cs.LG},
      url={https://arxiv.org/abs/2404.04064}, 
}

@misc{Boiar2022article,
      title={LOSDD: Leave-Out Support Vector Data Description for Outlier Detection}, 
      author={Daniel Boiar and Thomas Liebig and Erich Schubert},
      year={2022},
      eprint={2212.13626},
      archivePrefix={arXiv},
      primaryClass={cs.LG},
      url={https://arxiv.org/abs/2212.13626}, 
}

@misc{Roberts2018article,
      title={Arbitrary Discrete Sequence Anomaly Detection with Zero Boundary LSTM}, 
      author={Chase Roberts and Manish Nair},
      year={2018},
      eprint={1803.02395},
      archivePrefix={arXiv},
      primaryClass={cs.LG},
      url={https://arxiv.org/abs/1803.02395}, 
}

@InProceedings{Fontanari2022article,
author="Fontanari, Thomas
and Fr{\'o}es, Tiago Comassetto
and Recamonde-Mendoza, Mariana",
editor="Xavier-Junior, Jo{\~a}o Carlos
and Rios, Ricardo Ara{\'u}jo",
title="Cross-validation Strategies for Balanced and Imbalanced Datasets",
booktitle="Intelligent Systems",
year="2022",
publisher="Springer International Publishing",
address="Cham",
pages="626--640",
isbn="978-3-031-21686-2"
}

@article{Han2021article,
author = {Han, Sunwoo and Williamson, Brian and Fong, Youyi},
year = {2021},
month = {11},
pages = {},
title = {Improving random forest predictions in small datasets from two-phase sampling designs},
volume = {21},
journal = {BMC Medical Informatics and Decision Making},
doi = {10.1186/s12911-021-01688-3}
}

@misc{Deng2024article,
      title={Robust Principal Component Analysis via Discriminant Sample Weight Learning}, 
      author={Yingzhuo Deng and Ke Hu and Bo Li and Yao Zhang},
      year={2024},
      eprint={2408.12366},
      archivePrefix={arXiv},
      primaryClass={cs.LG},
      url={https://arxiv.org/abs/2408.12366}, 
}

@article{Saarela2021article,
author = {Saarela, Mirka and Jauhiainen, Susanne},
year = {2021},
month = {02},
pages = {},
title = {Comparison of feature importance measures as explanations for classification models},
volume = {3},
journal = {SN Applied Sciences},
doi = {10.1007/s42452-021-04148-9}
}

@article{Carletti2021article,
      title={Interpretable Anomaly Detection with DIFFI: Depth-based Isolation Forest Feature Importance}, 
      author={Mattia Carletti and Matteo Terzi and Gian Antonio Susto},
      year={2021},
      eprint={2007.11117},
      archivePrefix={arXiv},
      primaryClass={cs.LG},
      url={https://arxiv.org/abs/2007.11117}, 
}

@article{Brown2024article,
      title={Random Forest Regression Feature Importance for Climate Impact Pathway Detection}, 
      author={Meredith G. L. Brown and Matt Peterson and Irina Tezaur and Kara Peterson and Diana Bull},
      year={2024},
      eprint={2409.16609},
      archivePrefix={arXiv},
      primaryClass={cs.LG},
      url={https://arxiv.org/abs/2409.16609}, 
}

@inbook{Ewald2024inbook,
   title={A Guide to Feature Importance Methods for Scientific Inference},
   ISBN={9783031637971},
   ISSN={1865-0937},
   url={http://dx.doi.org/10.1007/978-3-031-63797-1_22},
   DOI={10.1007/978-3-031-63797-1_22},
   booktitle={Explainable Artificial Intelligence},
   publisher={Springer Nature Switzerland},
   author={Ewald, Fiona Katharina and Bothmann, Ludwig and Wright, Marvin N. and Bischl, Bernd and Casalicchio, Giuseppe and König, Gunnar},
   year={2024},
   pages={440–464} 
}

@article{Zhang2024article,
      title={On the Relationship between $\Lambda$-poisedness in Derivative-Free Optimization and Outliers in Local Outlier Factor}, 
      author={Qi Zhang and Pengcheng Xie},
      year={2024},
      eprint={2407.17529},
      archivePrefix={arXiv},
      primaryClass={math.OC},
      url={https://arxiv.org/abs/2407.17529}, 
}

@inproceedings{Breunig2000article,
  title={LOF: identifying density-based local outliers},
  author={Markus M. Breunig and Hans-Peter Kriegel and Raymond T. Ng and J{\"o}rg Sander},
  booktitle={ACM SIGMOD Conference},
  year={2000},
  url={https://api.semanticscholar.org/CorpusID:6787631}
}

@inproceedings{Cheng2019article,
    author = {Cheng, Zhangyu and Zou, Chengming and Dong, Jianwei},
    title = {Outlier detection using isolation forest and local outlier factor},
    year = {2019},
    isbn = {9781450368438},
    publisher = {Association for Computing Machinery},
    address = {New York, NY, USA},
    url = {https://doi.org/10.1145/3338840.3355641},
    doi = {10.1145/3338840.3355641},
    booktitle = {Proceedings of the Conference on Research in Adaptive and Convergent Systems},
    pages = {161–168},
    numpages = {8},
    keywords = {outlier detection(OD), local outlier factor, isolation forest, ensemble method},
    location = {Chongqing, China},
    series = {RACS '19}
}

@article{Ploeger2024article,
  title={A Principled Framework for Evaluating on Typologically Diverse Languages},
  author={Esther Ploeger and Wessel Poelman and Andreas Holck Hoeg-Petersen and Anders Schlichtkrull and Miryam de Lhoneux and Johannes Bjerva},
  journal={ArXiv},
  year={2024},
  volume={abs/2407.05022},
  url={https://api.semanticscholar.org/CorpusID:271050279}
}

@Inbook{Reagan2019book,
author="Reagan, Timothy",
title="Created and Constructed Languages: `I can speak Esperanto like a native'",
bookTitle="Linguistic Legitimacy and Social Justice",
year="2019",
publisher="Springer International Publishing",
address="Cham",
pages="205--242",
isbn="978-3-030-10967-7",
doi="10.1007/978-3-030-10967-7_7",
url="https://doi.org/10.1007/978-3-030-10967-7_7"
}

@misc{Desjardins2023article,
author = {Desjardins, Jared},
year = {2023},
month = {01},
pages = {},
title = {The Lexicalist Manifesto: A Cross-theoretical and Cross-linguistic Survey of Lexical Integrity and the Nature of the Morphology-Syntax Interface},
doi = {10.13140/RG.2.2.14101.78563/11}
}

